@article{glardon2010analyse,
  title={Analyse du comportement des chiens et des chats pendant l’examen physique en cabinet v{\'e}t{\'e}rinaire},
  author={Glardon, J and Hartnack and Horisberger},
  journal={Schweizer Archiv f{\"u}r Tierheilkunde},
  volume={152},
  number={2},
  pages={69--75},
  year={2010},
  publisher={Verlag Hans Huber}
}

@book{mcneil2019grand,
  title={Le grand livre des champignons du Qu{\'e}bec et de l'est du Canada—{\'E}dition revue et augment{\'e}e},
  author={McNeil, Raymond},
  year={2019},
  publisher={{\'E}ditions Michel Quintin}
}

@article{messier1989influence,
  title={{Influence du couvert de glace sur l'{\'e}tendue du panache de la Grande Rivi{\`e}re (Baie James)}},
  author={Messier, Danielle and Lepage, Serge and De Margerie, Sylvain},
  journal={Arctic},
  pages={278--284},
  year={1989},
  publisher={JSTOR}
}


@article{gingras1991institutionnalisation,
  title={L’institutionnalisation de la recherche en milieu universitaire et ses effets},
  author={Gingras, Yves},
  journal={Sociologie et soci{\'e}t{\'e}s},
  volume={23},
  number={1},
  pages={41--54},
  year={1991},
  publisher={Les Presses de l'Universit{\'e} de Montr{\'e}al}
}

